% This file was created with JabRef 2.10.
% Encoding: Cp1252


@InProceedings{andersen_designing_2004,
  Title                    = {Designing an augmented reality board game with children: the battleboard 3D experience},
  Author                   = {Andersen, Troels L. and Kristensen, Sune and Nielsen, Bjørn W. and Grønb{\textbackslash}a ek, Kaj},
  Booktitle                = {Proceedings of the 2004 conference on {Interaction} design and children: building a community},
  Year                     = {2004},
  Pages                    = {137--138},
  Publisher                = {ACM},

  File                     = {p137-andersen.pdf:C\:\\Users\\Daniel vilcapaza\\AppData\\Roaming\\Zotero\\Zotero\\Profiles\\960gh25h.default\\zotero\\storage\\QEG6RIBC\\p137-andersen.pdf:application/pdf},
  Owner                    = {Daniel vilcapaza},
  Shorttitle               = {Designing an augmented reality board game with children},
  Timestamp                = {2015.10.09},
  Url                      = {http://dl.acm.org/citation.cfm?id=1017858},
  Urldate                  = {2015-10-09}
}

@Book{multiTT,
  Title                    = {Multitouch Technologies},
  Author                   = {NUI Group Authors},
  Editor                   = {Community Release},
  Year                     = {2009},

  Owner                    = {Daniel vilcapaza},
  Timestamp                = {2015.10.09}
}

@Booklet{Madsen2010,
  Title                    = {Introduktion til {LaTeX}},
  Author                   = {Lars Madsen},
  HowPublished             = {\url{http://www.imf.au.dk/system/latex/bog/}},
  Year                     = {2010}
}

@Book{Mittelbach2005,
  Title                    = {The LATEX companion},
  Author                   = {Frank Mittelbach},
  Publisher                = {Addison-Wesley},
  Year                     = {2005},
  Edition                  = {2. ed.}
}

@Misc{Oetiker2010,
  Title                    = {The Not So Short A Introduction to {LaTeX2e}},

  Author                   = {Tobias Oetiker},
  HowPublished             = {\url{http://tobi.oetiker.ch/lshort/lshort.pdf}},
  Year                     = {2010}
}

